<?xml version="1.0" encoding="UTF-8"?><record xmlns="http://www.loc.gov/MARC21/slim" xmlns:cinclude="http://apache.org/cocoon/include/1.0" xmlns:zs="http://www.loc.gov/zing/srw/">
  <leader>00542cz  a2200169n  4500</leader>
  <controlfield tag="001">no2003127684</controlfield>
  <controlfield tag="003">DLC</controlfield>
  <controlfield tag="005">20130322100353.0</controlfield>
  <controlfield tag="008">031222n| azannaab            a aaa     c</controlfield>
  <datafield tag="010" ind1=" " ind2=" ">
    <subfield code="a">no2003127684</subfield>
  </datafield>
  <datafield tag="035" ind1=" " ind2=" ">
    <subfield code="a">(OCoLC)oca06234277</subfield>
  </datafield>
  <datafield tag="040" ind1=" " ind2=" ">
    <subfield code="a">RPB</subfield>
    <subfield code="b">eng</subfield>
    <subfield code="e">rda</subfield>
    <subfield code="c">RPB</subfield>
    <subfield code="d">DLC</subfield>
  </datafield>
  <datafield tag="046" ind1=" " ind2=" ">
    <subfield code="f">1893</subfield>
  </datafield>
  <datafield tag="100" ind1="1" ind2=" ">
    <subfield code="a">Beale, Helen Purdy,</subfield>
    <subfield code="d">1893-</subfield>
  </datafield>
  <datafield tag="400" ind1="1" ind2=" ">
    <subfield code="w">nnea</subfield>
    <subfield code="a">Beale, Helen Purdy,</subfield>
    <subfield code="d">b. 1893.</subfield>
  </datafield>
  <datafield tag="670" ind1=" " ind2=" ">
    <subfield code="a">Bibliography of plant viruses, and index to research, 1976:</subfield>
    <subfield code="b">t.p. (Helen Purdy Beale)</subfield>
  </datafield>
  <datafield tag="670" ind1=" " ind2=" ">
    <subfield code="a">OCLC, Apr. 19, 2000</subfield>
    <subfield code="b">(hdg.: Beale, Helen Purdy, 1893-)</subfield>
  </datafield>
</record>